@ARTICLE{jsantos-amonteagudo-1-2014,
  author = {José Santos y Ángel Monteagudo},
  title = {Análisis de las transiciones de comportamiento en crecimiento de tumores usando una simulación con autómata celular},
  journal = {IET Systems Biology},
  year = {2014},
}
